ISSUES: mastherthesis wouldn't work, changing it to phdthesis solved the problem
@phdthesis{Jiricek,
    author = {Milan Jiríček},
    title = {Živý font},
    school = {Vysoké učení technické v Brně. Fakulta elektrotechniky a komunikačních technologií. Ústav telekomunikací},
    year =  {2012},
    type = {Diplomová práce},
}
@phdthesis{Macek2008,
	author = {Pavel Maček},
	title = {Vizuální zpracování segmentu přednášky Základy vizuální komunikace: Rozpal písma},
	school = {Masarykova univerzita, Fakulta informatiky, Brno},
	year = {2008},
	type = {Bakalářská práce}, 
}
@phdthesis{thisIsNotFair,
    author = {Anthony Cahalan},
	title =  {Undescribed Ground: A PhD Case Study in Typography},
	school = {University of Canberra},
	year = {2004},
    type = {Diplomová práce}
}
@article{AUTUniversity,
  author = {Welby Ings},
  title = {The visible voice: Typographical distinction in thesis writing},
  journal = {AUT University},
  year = {2016},
  url = {http://www.textjournal.com.au/april16/ings.htm}
}
@inproceedings{ConferenceChina,
  author={Liang, Qiqi and Zhang, Huan},
  booktitle={2022 IEEE/ACIS 22nd International Conference on Computer and Information Science (ICIS)}, 
  title={A Study on the Application of Modularization Theory to Chinese Typography Design}, 
  year={2022},
  pages={193--198}, 
  isbn ={978-1-6654-9463-2}
}
@ARTICLE{someARt,
  author={Huang, Mary},
  journal={IEEE Computer Graphics and Applications}, 
  title={Bold, Italic, Emphatic—Possibilities for Interactive Type}, 
  year={2011},
  volume={31},
  number={3},
  pages={8--13},
  ISSN={0272-1716}
}
@ARTICLE{IBMstuff,
  author={Griffee, A. W. and Casey, C. A.},
  journal={IBM Systems Journal}, 
  title={An introduction to typographic fonts and digital font resources}, 
  year={1988},
  volume={27},
  number={2},
  pages={206-218},
  ISSN={0018-8670 }
}
@article{DobraTypogWhere,
    author = {Petr Olšák},
    title ={Kam se poděla dobrá typografie?} ,
    journal = {Ericova Alej, Mensa},
    year = {1996},
    pages={37--42},
    url={https://petr.olsak.net/ftp/olsak/typo/mensa.pdf},
}
@article{Slabikar,
    author = {Petr Olšák},
    title ={Psané písmo ze šlabikáre} ,
    journal = {Zpravodaj CSTUG},
    year = {1997},
    pages={191--197},
    url={https://petr.olsak.net/ftp/olsak/slabikar/slabi.pdf},
    ISSN={1213-8185}
}
@article{FontyvCs,
    author = {Petr Olšák},
    title ={Úvaha o fontech v CSTeXu} ,
    journal = {Zpravodaj CSTUG},
    year = {1993},
    pages={121--131},
    url={https://dml.cz/handle/10338.dmlcz/149679}
}

